%YAML 1.1
%TAG !u! tag:unity3d.com,2011:
--- !u!1 &8019013398905984967
GameObject:
  m_ObjectHideFlags: 0
  m_CorrespondingSourceObject: {fileID: 0}
  m_PrefabInstance: {fileID: 0}
  m_PrefabAsset: {fileID: 0}
  serializedVersion: 6
  m_Component:
  - component: {fileID: 8066753296630488443}
  - component: {fileID: 7287553831955687765}
  - component: {fileID: 2459447612289172328}
  - component: {fileID: 7764788411702560263}
  - component: {fileID: -6156881316166948254}
  - component: {fileID: 7260049681698402080}
  m_Layer: 0
  m_Name: parrot
  m_TagString: Untagged
  m_Icon: {fileID: 0}
  m_NavMeshLayer: 0
  m_StaticEditorFlags: 0
  m_IsActive: 1
--- !u!4 &8066753296630488443
Transform:
  m_ObjectHideFlags: 0
  m_CorrespondingSourceObject: {fileID: 0}
  m_PrefabInstance: {fileID: 0}
  m_PrefabAsset: {fileID: 0}
  m_GameObject: {fileID: 8019013398905984967}
  serializedVersion: 2
  m_LocalRotation: {x: 0, y: 0, z: 0, w: 1}
  m_LocalPosition: {x: 0, y: 0, z: 0}
  m_LocalScale: {x: 1, y: 1, z: 1}
  m_ConstrainProportionsScale: 0
  m_Children: []
  m_Father: {fileID: 0}
  m_LocalEulerAnglesHint: {x: 0, y: 0, z: 0}
--- !u!212 &7287553831955687765
SpriteRenderer:
  m_ObjectHideFlags: 0
  m_CorrespondingSourceObject: {fileID: 0}
  m_PrefabInstance: {fileID: 0}
  m_PrefabAsset: {fileID: 0}
  m_GameObject: {fileID: 8019013398905984967}
  m_Enabled: 1
  m_CastShadows: 0
  m_ReceiveShadows: 0
  m_DynamicOccludee: 1
  m_StaticShadowCaster: 0
  m_MotionVectors: 1
  m_LightProbeUsage: 1
  m_ReflectionProbeUsage: 1
  m_RayTracingMode: 0
  m_RayTraceProcedural: 0
  m_RenderingLayerMask: 1
  m_RendererPriority: 0
  m_Materials:
  - {fileID: 10754, guid: 0000000000000000f000000000000000, type: 0}
  m_StaticBatchInfo:
    firstSubMesh: 0
    subMeshCount: 0
  m_StaticBatchRoot: {fileID: 0}
  m_ProbeAnchor: {fileID: 0}
  m_LightProbeVolumeOverride: {fileID: 0}
  m_ScaleInLightmap: 1
  m_ReceiveGI: 1
  m_PreserveUVs: 0
  m_IgnoreNormalsForChartDetection: 0
  m_ImportantGI: 0
  m_StitchLightmapSeams: 1
  m_SelectedEditorRenderState: 0
  m_MinimumChartSize: 4
  m_AutoUVMaxDistance: 0.5
  m_AutoUVMaxAngle: 89
  m_LightmapParameters: {fileID: 0}
  m_SortingLayerID: 0
  m_SortingLayer: 0
  m_SortingOrder: 0
  m_Sprite: {fileID: 21300000, guid: 09ef25637cf23884d97de93e177529eb, type: 3}
  m_Color: {r: 1, g: 1, b: 1, a: 1}
  m_FlipX: 0
  m_FlipY: 0
  m_DrawMode: 0
  m_Size: {x: 2.84, y: 2.85}
  m_AdaptiveModeThreshold: 0.5
  m_SpriteTileMode: 0
  m_WasSpriteAssigned: 1
  m_MaskInteraction: 0
  m_SpriteSortPoint: 0
--- !u!60 &2459447612289172328
PolygonCollider2D:
  m_ObjectHideFlags: 0
  m_CorrespondingSourceObject: {fileID: 0}
  m_PrefabInstance: {fileID: 0}
  m_PrefabAsset: {fileID: 0}
  m_GameObject: {fileID: 8019013398905984967}
  m_Enabled: 1
  m_Density: 1
  m_Material: {fileID: 0}
  m_IncludeLayers:
    serializedVersion: 2
    m_Bits: 0
  m_ExcludeLayers:
    serializedVersion: 2
    m_Bits: 0
  m_LayerOverridePriority: 0
  m_ForceSendLayers:
    serializedVersion: 2
    m_Bits: 4294967295
  m_ForceReceiveLayers:
    serializedVersion: 2
    m_Bits: 4294967295
  m_ContactCaptureLayers:
    serializedVersion: 2
    m_Bits: 4294967295
  m_CallbackLayers:
    serializedVersion: 2
    m_Bits: 4294967295
  m_IsTrigger: 0
  m_UsedByEffector: 0
  m_UsedByComposite: 0
  m_Offset: {x: 0, y: 0}
  m_SpriteTilingProperty:
    border: {x: 0, y: 0, z: 0, w: 0}
    pivot: {x: 0.5, y: 0.5}
    oldSize: {x: 0.94666666, y: 0.95}
    newSize: {x: 2.84, y: 2.85}
    adaptiveTilingThreshold: 0.5
    drawMode: 0
    adaptiveTiling: 0
  m_AutoTiling: 0
  m_Points:
    m_Paths:
    - - {x: 0.29000002, y: -0.38500002}
      - {x: 0.37333333, y: -0.30166668}
      - {x: 0.39666668, y: -0.27166668}
      - {x: 0.41, y: -0.255}
      - {x: 0.4466667, y: -0.19166668}
      - {x: 0.46666667, y: -0.13166668}
      - {x: 0.47333336, y: -0.085}
      - {x: 0.47333336, y: 0.09166667}
      - {x: 0.46333334, y: 0.14833334}
      - {x: 0.43, y: 0.22833334}
      - {x: 0.4, y: 0.27166668}
      - {x: 0.36333334, y: 0.31833333}
      - {x: 0.29666668, y: 0.3816667}
      - {x: 0.26000002, y: 0.40833333}
      - {x: 0.17333333, y: 0.45166668}
      - {x: 0.120000005, y: 0.46833333}
      - {x: 0.083333336, y: 0.47500002}
      - {x: -0.086666666, y: 0.47500002}
      - {x: -0.10333334, y: 0.47166666}
      - {x: -0.14666668, y: 0.465}
      - {x: -0.22666667, y: 0.42833334}
      - {x: -0.26000002, y: 0.40833333}
      - {x: -0.31666666, y: 0.365}
      - {x: -0.36333334, y: 0.31833333}
      - {x: -0.4166667, y: 0.25166667}
      - {x: -0.45333335, y: 0.17833334}
      - {x: -0.46333334, y: 0.135}
      - {x: -0.47333336, y: 0.08833334}
      - {x: -0.47333336, y: -0.09166667}
      - {x: -0.46333334, y: -0.14833334}
      - {x: -0.42333335, y: -0.23833334}
      - {x: -0.37666667, y: -0.305}
      - {x: -0.29000002, y: -0.38500002}
      - {x: -0.21000001, y: -0.435}
      - {x: -0.14666668, y: -0.46166667}
      - {x: -0.086666666, y: -0.47500002}
      - {x: 0.08, y: -0.47500002}
      - {x: 0.14, y: -0.465}
      - {x: 0.18333334, y: -0.44500002}
      - {x: 0.24666667, y: -0.41500002}
  m_UseDelaunayMesh: 0
--- !u!50 &7764788411702560263
Rigidbody2D:
  serializedVersion: 4
  m_ObjectHideFlags: 0
  m_CorrespondingSourceObject: {fileID: 0}
  m_PrefabInstance: {fileID: 0}
  m_PrefabAsset: {fileID: 0}
  m_GameObject: {fileID: 8019013398905984967}
  m_BodyType: 0
  m_Simulated: 1
  m_UseFullKinematicContacts: 0
  m_UseAutoMass: 0
  m_Mass: 1
  m_LinearDrag: 0
  m_AngularDrag: 0.05
  m_GravityScale: 1
  m_Material: {fileID: 0}
  m_IncludeLayers:
    serializedVersion: 2
    m_Bits: 0
  m_ExcludeLayers:
    serializedVersion: 2
    m_Bits: 0
  m_Interpolate: 0
  m_SleepingMode: 1
  m_CollisionDetection: 0
  m_Constraints: 0
--- !u!114 &-6156881316166948254
MonoBehaviour:
  m_ObjectHideFlags: 0
  m_CorrespondingSourceObject: {fileID: 0}
  m_PrefabInstance: {fileID: 0}
  m_PrefabAsset: {fileID: 0}
  m_GameObject: {fileID: 8019013398905984967}
  m_Enabled: 1
  m_EditorHideFlags: 0
  m_Script: {fileID: 11500000, guid: 3be0ffe700121dc4fb048e0d7b200524, type: 3}
  m_Name: 
  m_EditorClassIdentifier: 
--- !u!114 &7260049681698402080
MonoBehaviour:
  m_ObjectHideFlags: 0
  m_CorrespondingSourceObject: {fileID: 0}
  m_PrefabInstance: {fileID: 0}
  m_PrefabAsset: {fileID: 0}
  m_GameObject: {fileID: 8019013398905984967}
  m_Enabled: 1
  m_EditorHideFlags: 0
  m_Script: {fileID: 11500000, guid: bc71826126a54c81bde5e874bbd71801, type: 3}
  m_Name: 
  m_EditorClassIdentifier: 
